@book{chirikjian2011stochastic,
	title={Stochastic Models, Information Theory, and Lie Groups, Volume 2: Analytic Methods and Modern Applications},
	author={Chirikjian, Gregory S},
	volume={2},
	year={2011},
	publisher={Springer Science \& Business Media}
}

@article{wang2008nonparametric,
	title={Nonparametric second-order theory of error propagation on motion groups},
	author={Wang, Yunfeng and Chirikjian, Gregory S},
	journal={The International journal of robotics research},
	volume={27},
	number={11-12},
	pages={1258--1273},
	year={2008},
	publisher={SAGE Publications Sage UK: London, England}
}