%% This BibTeX bibliography file was created using BibDesk.
%% http://bibdesk.sourceforge.net/

%% Saved with string encoding Unicode (UTF-8)

%% Fast Proximal Gauss-Newton Method for Real-time Constrained Nonlinear Model Predictive Control


%% Convex MPC: Biped, Humanoid
@inproceedings{wieber2006trajectory,
	title={Trajectory free linear model predictive control for stable walking in the presence of strong perturbations},
	author={Wieber, Pierre-Brice},
	booktitle={2006 6th IEEE-RAS International Conference on Humanoid Robots},
	pages={137--142},
	year={2006},
	organization={IEEE}
}
@inproceedings{diedam2008online,
	title={Online walking gait generation with adaptive foot positioning through linear model predictive control},
	author={Diedam, Holger and Dimitrov, Dimitar and Wieber, Pierre-Brice and Mombaur, Katja and Diehl, Moritz},
	booktitle={2008 IEEE/RSJ International Conference on Intelligent Robots and Systems},
	pages={1121--1126},
	year={2008},
	organization={IEEE}
}
@article{herdt2010online,
	title={Online walking motion generation with automatic footstep placement},
	author={Herdt, Andrei and Diedam, Holger and Wieber, Pierre-Brice and Dimitrov, Dimitar and Mombaur, Katja and Diehl, Moritz},
	journal={Advanced Robotics},
	volume={24},
	number={5-6},
	pages={719--737},
	year={2010},
	publisher={Taylor \& Francis}
}

%% Nonconvex MPC: Biped, Humanoid
@inproceedings{koenemann2015whole,
	title={Whole-body model-predictive control applied to the HRP-2 humanoid},
	author={Koenemann, Jonas and Del Prete, Andrea and Tassa, Yuval and Todorov, Emanuel and Stasse, Olivier and Bennewitz, Maren and Mansard, Nicolas},
	booktitle={2015 IEEE/RSJ International Conference on Intelligent Robots and Systems (IROS)},
	pages={3346--3351},
	year={2015},
	organization={IEEE}
}

%% Trajectory optimization: Biped
@inproceedings{dai2014whole,
	title={Whole-body motion planning with centroidal dynamics and full kinematics},
	author={Dai, Hongkai and Valenzuela, Andr{\'e}s and Tedrake, Russ},
	booktitle={2014 IEEE-RAS International Conference on Humanoid Robots},
	pages={295--302},
	year={2014},
	organization={IEEE}
}

%% Convex MPC: Quadruped
@article{park2015online,
	title={Online planning for autonomous running jumps over obstacles in high-speed quadrupeds},
	author={Park, Hae-Won and Wensing, Patrick M and Kim, Sangbae and others},
	year={2015}
}
@inproceedings{di2018dynamic,
	title={Dynamic locomotion in the mit cheetah 3 through convex model-predictive control},
	author={Di Carlo, Jared and Wensing, Patrick M and Katz, Benjamin and Bledt, Gerardo and Kim, Sangbae},
	booktitle={2018 IEEE/RSJ International Conference on Intelligent Robots and Systems (IROS)},
	pages={1--9},
	year={2018},
	organization={IEEE}
}
@inproceedings{ding2019real,
	title={Real-time model predictive control for versatile dynamic motions in quadrupedal robots},
	author={Ding, Yanran and Pandala, Abhishek and Park, Hae-Won},
	booktitle={2019 International Conference on Robotics and Automation (ICRA)},
	pages={8484--8490},
	year={2019},
	organization={IEEE}
}

%% Nonconvex MPC: Quadruped  
@inproceedings{farshidian2017real,
	title={Real-time motion planning of legged robots: A model predictive control approach},
	author={Farshidian, Farbod and Jelavic, Edo and Satapathy, Asutosh and Giftthaler, Markus and Buchli, Jonas},
	booktitle={2017 IEEE-RAS 17th International Conference on Humanoid Robotics (Humanoids)},
	pages={577--584},
	year={2017},
	organization={IEEE}
}
@article{neunert2018whole,
	title={Whole-body nonlinear model predictive control through contacts for quadrupeds},
	author={Neunert, Michael and St{\"a}uble, Markus and Giftthaler, Markus and Bellicoso, Carmine D and Carius, Jan and Gehring, Christian and Hutter, Marco and Buchli, Jonas},
	journal={IEEE Robotics and Automation Letters},
	volume={3},
	number={3},
	pages={1458--1465},
	year={2018},
	publisher={IEEE}
}
@inproceedings{bledt2019implementing,
	title={Implementing Regularized Predictive Control for Simultaneous Real-Time Footstep and Ground Reaction Force Optimization},
	author={Bledt, Gerardo and Kim, Sangbae},
	booktitle={2019 IEEE/RSJ International Conference on Intelligent Robots and Systems (IROS)},
	pages={6316--6323},
	year={2019},
	organization={IEEE}
}

%% 
@article{forster2016manifold,
	title={On-Manifold Preintegration for Real-Time Visual--Inertial Odometry},
	author={Forster, Christian and Carlone, Luca and Dellaert, Frank and Scaramuzza, Davide},
	journal={IEEE Transactions on Robotics},
	volume={33},
	number={1},
	pages={1--21},
	year={2016},
	publisher={IEEE}
}
@book{chirikjian2011stochastic,
	title={Stochastic Models, Information Theory, and Lie Groups, Volume 2: Analytic Methods and Modern Applications},
	author={Chirikjian, Gregory S},
	volume={2},
	year={2011},
	publisher={Springer Science \& Business Media}
}
@book{lynch2017modern,
	title={Modern Robotics},
	author={Lynch, Kevin M and Park, Frank C},
	year={2017},
	publisher={Cambridge University Press}
}
@book{park1991optimal,
	title={The Optimal Kinematic Design of Mechanisms},
	author={Park, F.C.},
	url={https://books.google.co.kr/books?id=pQx4HwAACAAJ},
	year={1991},
	publisher={Harvard University}
}


%% etc
@article{absil2007trust,
	title={Trust-region methods on Riemannian manifolds},
	author={Absil, P-A and Baker, Christopher G and Gallivan, Kyle A},
	journal={Foundations of Computational Mathematics},
	volume={7},
	number={3},
	pages={303--330},
	year={2007},
	publisher={Springer}
}
@article{smith1994optimization,
	title={Optimization techniques on Riemannian manifolds},
	author={Smith, Steven T},
	journal={Fields institute communications},
	volume={3},
	number={3},
	pages={113--135},
	year={1994}
}
